<record><leader>00000cas a22000007a 4500</leader><controlfield tag="001">23954032</controlfield><controlfield tag="008">910619d190219uunyuwr ne      0    0eng d</controlfield><controlfield tag="009">550</controlfield><datafield ind1=" " ind2=" " tag="010"><subfield code="a">sn 91066276 </subfield></datafield><datafield ind1=" " ind2=" " tag="040"><subfield code="a">NYS</subfield><subfield code="b">eng</subfield><subfield code="c">NYS</subfield><subfield code="d">DLC</subfield><subfield code="d">NYS</subfield><subfield code="d">OCLCQ</subfield></datafield><datafield ind1="1" ind2=" " tag="029"><subfield code="a">AU@</subfield><subfield code="b">000025906344</subfield></datafield><datafield ind1=" " ind2=" " tag="042"><subfield code="a">msc</subfield></datafield><datafield ind1="0" ind2="0" tag="245"><subfield code="a">Hartwick review and visitor.</subfield></datafield><datafield ind1=" " ind2=" " tag="260"><subfield code="a">Hartwick, Otsego Co., N.Y. :</subfield><subfield code="b">Review-Visitor Co.</subfield></datafield><datafield ind1=" " ind2=" " tag="300"><subfield code="a">v.</subfield></datafield><datafield ind1=" " ind2=" " tag="310"><subfield code="a">Weekly</subfield></datafield><datafield ind1="0" ind2=" " tag="362"><subfield code="a">Vol. 1, no. 28 (Nov. 6, 1902)-</subfield></datafield><datafield ind1=" " ind2="4" tag="651"><subfield code="a">Hartwick (N.Y.)</subfield><subfield code="v">Newspapers.</subfield></datafield><datafield ind1=" " ind2=" " tag="752"><subfield code="a">United States</subfield><subfield code="b">New York</subfield><subfield code="c">Otsego</subfield><subfield code="d">Hartwick.</subfield></datafield><datafield ind1="0" ind2="4" tag="780"><subfield code="t">Hartwick review (Hartwick, N.Y.)</subfield><subfield code="w">(DLC)sn 91066284</subfield></datafield><datafield ind1="0" ind2="4" tag="780"><subfield code="t">Hartwick visitor</subfield><subfield code="w">(DLC)sn 91066275</subfield></datafield></record>